
@inproceedings{senapathi_devops_2018,
	address = {Christchurch New Zealand},
	title = {{DevOps} {Capabilities}, {Practices}, and {Challenges}: {Insights} from a {Case} {Study}},
	isbn = {978-1-4503-6403-4},
	shorttitle = {{DevOps} {Capabilities}, {Practices}, and {Challenges}},
	url = {https://dl.acm.org/doi/10.1145/3210459.3210465},
	doi = {10.1145/3210459.3210465},
	language = {en},
	urldate = {2021-04-08},
	booktitle = {Proceedings of the 22nd {International} {Conference} on {Evaluation} and {Assessment} in {Software} {Engineering} 2018},
	publisher = {ACM},
	author = {Senapathi, Mali and Buchan, Jim and Osman, Hady},
	month = jun,
	year = {2018},
	pages = {57--67},
	file = {Eingereichte Version:C\:\\Users\\arnolc\\Zotero\\storage\\85MHNLSA\\Senapathi et al. - 2018 - DevOps Capabilities, Practices, and Challenges In.pdf:application/pdf},
}

@book{lassenius_agile_2015,
	address = {Cham},
	series = {Lecture {Notes} in {Business} {Information} {Processing}},
	title = {Agile {Processes} in {Software} {Engineering} and {Extreme} {Programming}: 16th {International} {Conference}, {XP} 2015, {Helsinki}, {Finland}, {May} 25-29, 2015, {Proceedings}},
	volume = {212},
	isbn = {978-3-319-18611-5 978-3-319-18612-2},
	shorttitle = {Agile {Processes} in {Software} {Engineering} and {Extreme} {Programming}},
	url = {http://link.springer.com/10.1007/978-3-319-18612-2},
	language = {en},
	urldate = {2021-04-08},
	publisher = {Springer International Publishing},
	editor = {Lassenius, Casper and Dingsøyr, Torgeir and Paasivaara, Maria},
	year = {2015},
	doi = {10.1007/978-3-319-18612-2},
	file = {Volltext:C\:\\Users\\arnolc\\Zotero\\storage\\WCDAZ94C\\Lassenius et al. - 2015 - Agile Processes in Software Engineering and Extrem.pdf:application/pdf},
}

@book{kim_devops-handbuch_2017,
	address = {Heidelberg},
	edition = {1. Auflage},
	title = {Das {DevOps}-{Handbuch}: {Teams}, {Tools} und {Infrastrukturen} erfolgreich umgestalten},
	isbn = {978-3-96009-047-2 978-3-96010-123-9 978-3-96010-124-6 978-3-96010-125-3},
	shorttitle = {Das {DevOps}-{Handbuch}},
	language = {ger},
	publisher = {O'Reilly},
	author = {Kim, Gene and Humble, Jez and Debois, Patrick and Willis, John},
	translator = {Demmig, Thomas},
	year = {2017},
	note = {OCLC: 979555777},
	file = {Table of Contents PDF:C\:\\Users\\arnolc\\Zotero\\storage\\WYUJATLE\\Kim et al. - 2017 - Das DevOps-Handbuch Teams, Tools und Infrastruktu.pdf:application/pdf},
}

@phdthesis{allmann_open_2019,
	title = {Open {Source} {Compliance}},
	language = {German},
	author = {Allmann, Ivonne and {Nomos Verlagsgesellschaft}},
	year = {2019},
	note = {ISBN: 9783848750030
OCLC: 1065926917},
}

@book{kesler_anpassung_2013,
	address = {Wiesbaden},
	title = {Anpassung von {Open}-{Source}-{Software} in {Anwenderunternehmen}},
	isbn = {978-3-658-01954-9 978-3-658-01955-6},
	url = {http://link.springer.com/10.1007/978-3-658-01955-6},
	language = {de},
	urldate = {2021-06-08},
	publisher = {Springer Fachmedien Wiesbaden},
	author = {Keßler, Steffen},
	year = {2013},
	doi = {10.1007/978-3-658-01955-6},
}

@book{koch_freeopen_2005,
	address = {Hershey, Pa},
	title = {Free/open source software development},
	isbn = {978-1-59140-369-2 978-1-59140-370-8 978-1-59140-371-5},
	publisher = {Idea Group Pub},
	editor = {Koch, Stefan},
	year = {2005},
	keywords = {Computer software, Development, Open source software},
}

@book{halstenberg_devops_2020,
	address = {Wiesbaden},
	series = {essentials},
	title = {{DevOps}: {Ein} Überblick},
	isbn = {978-3-658-31404-0 978-3-658-31405-7},
	shorttitle = {{DevOps}},
	url = {https://link.springer.com/10.1007/978-3-658-31405-7},
	language = {de},
	urldate = {2021-06-08},
	publisher = {Springer Fachmedien Wiesbaden},
	author = {Halstenberg, Jürgen and Pfitzinger, Bernd and Jestädt, Thomas},
	year = {2020},
	doi = {10.1007/978-3-658-31405-7},
}

@book{haff_how_2021,
	address = {Berkeley, CA},
	title = {How {Open} {Source} {Ate} {Software}: {Understand} the {Open} {Source} {Movement} and {So} {Much} {More}},
	isbn = {978-1-4842-6799-8 978-1-4842-6800-1},
	shorttitle = {How {Open} {Source} {Ate} {Software}},
	url = {https://link.springer.com/10.1007/978-1-4842-6800-1},
	language = {en},
	urldate = {2021-06-08},
	publisher = {Apress},
	author = {Haff, Gordon},
	year = {2021},
	doi = {10.1007/978-1-4842-6800-1},
}

@book{wichmann_linux-_2005,
	address = {Berlin},
	series = {Xpert.press},
	title = {Linux- und {Open}-{Source}-{Strategien}},
	isbn = {978-3-540-22810-3},
	language = {ger},
	publisher = {Springer},
	author = {Wichmann, Thorsten},
	year = {2005},
	note = {OCLC: 249630807},
	file = {Table of Contents PDF:C\:\\Users\\arnolc\\Zotero\\storage\\7P6RXFGH\\Wichmann - 2005 - Linux- und Open-Source-Strategien.pdf:application/pdf},
}

@book{brugge_open-source-software_2004,
	address = {Berlin, Heidelberg},
	title = {Open-{Source}-{Software}},
	isbn = {978-3-642-62077-5 978-3-642-17024-9},
	url = {http://link.springer.com/10.1007/978-3-642-17024-9},
	language = {de},
	urldate = {2021-06-08},
	publisher = {Springer Berlin Heidelberg},
	author = {Brügge, Bernd and Harhoff, Dietmar and Picot, Arnold and Creighton, Oliver and Fiedler, Marina and Henkel, Joachim},
	year = {2004},
	doi = {10.1007/978-3-642-17024-9},
}

@article{lakhani_how_2003,
	title = {How open source software works: “free” user-to-user assistance},
	volume = {32},
	issn = {00487333},
	shorttitle = {How open source software works},
	url = {https://linkinghub.elsevier.com/retrieve/pii/S0048733302000951},
	doi = {10.1016/S0048-7333(02)00095-1},
	language = {en},
	number = {6},
	urldate = {2021-06-08},
	journal = {Research Policy},
	author = {Lakhani, Karim R and von Hippel, Eric},
	month = jun,
	year = {2003},
	pages = {923--943},
	file = {Volltext:C\:\\Users\\arnolc\\Zotero\\storage\\TBDNGKD9\\Lakhani und von Hippel - 2003 - How open source software works “free” user-to-use.pdf:application/pdf},
}

@article{santos_attraction_2013,
	title = {The attraction of contributors in free and open source software projects},
	volume = {22},
	issn = {09638687},
	url = {https://linkinghub.elsevier.com/retrieve/pii/S0963868712000340},
	doi = {10.1016/j.jsis.2012.07.004},
	language = {en},
	number = {1},
	urldate = {2021-06-08},
	journal = {The Journal of Strategic Information Systems},
	author = {Santos, Carlos and Kuk, George and Kon, Fabio and Pearson, John},
	month = mar,
	year = {2013},
	pages = {26--45},
}

@article{colford_explaining_2009,
	title = {Explaining free and open source software},
	volume = {35},
	issn = {00954403, 15508366},
	url = {http://doi.wiley.com/10.1002/bult.2008.1720350205},
	doi = {10.1002/bult.2008.1720350205},
	language = {en},
	number = {2},
	urldate = {2021-06-08},
	journal = {Bulletin of the American Society for Information Science and Technology},
	author = {Colford, Scot},
	month = dec,
	year = {2009},
	pages = {10--14},
	file = {Volltext:C\:\\Users\\arnolc\\Zotero\\storage\\NH2SJYZR\\Colford - 2009 - Explaining free and open source software.pdf:application/pdf},
}

@article{gangadharan_managing_2012,
	title = {Managing license compliance in free and open source software development},
	volume = {14},
	issn = {1387-3326, 1572-9419},
	url = {http://link.springer.com/10.1007/s10796-009-9180-1},
	doi = {10.1007/s10796-009-9180-1},
	language = {en},
	number = {2},
	urldate = {2021-06-08},
	journal = {Information Systems Frontiers},
	author = {Gangadharan, G. R. and D’Andrea, Vincenzo and De Paoli, Stefano and Weiss, Michael},
	month = apr,
	year = {2012},
	pages = {143--154},
}

@book{feller_perspectives_2005,
	address = {Cambridge, Mass},
	title = {Perspectives on free and open source software},
	isbn = {978-0-262-06246-6},
	publisher = {MIT Press},
	editor = {Feller, Joseph},
	year = {2005},
	keywords = {Computer software, Development, Open source software, Shareware (Computer software)},
}

@inproceedings{kon_free_2011,
	address = {Sao Paulo, Brazil},
	title = {Free and {Open} {Source} {Software} {Development} and {Research}: {Opportunities} for {Software} {Engineering}},
	isbn = {978-1-4577-2187-8},
	shorttitle = {Free and {Open} {Source} {Software} {Development} and {Research}},
	url = {http://ieeexplore.ieee.org/document/6065149/},
	doi = {10.1109/SBES.2011.19},
	urldate = {2021-06-08},
	booktitle = {2011 25th {Brazilian} {Symposium} on {Software} {Engineering}},
	publisher = {IEEE},
	author = {Kon, Fabio and Meirelles, Paulo and Lago, Nelson and Terceiro, Antonio and Chavez, Christina and Mendonca, Manoel},
	month = sep,
	year = {2011},
	pages = {82--91},
	file = {Volltext:C\:\\Users\\arnolc\\Zotero\\storage\\CVTXHBSY\\Kon et al. - 2011 - Free and Open Source Software Development and Rese.pdf:application/pdf},
}

@inproceedings{fernandes_challenges_2020,
	address = {Natal Brazil},
	title = {Challenges and {Recommendations} in {DevOps} {Education}: {A} {Systematic} {Literature} {Review}},
	isbn = {978-1-4503-8753-8},
	shorttitle = {Challenges and {Recommendations} in {DevOps} {Education}},
	url = {https://dl.acm.org/doi/10.1145/3422392.3422496},
	doi = {10.1145/3422392.3422496},
	language = {en},
	urldate = {2021-06-08},
	booktitle = {Proceedings of the 34th {Brazilian} {Symposium} on {Software} {Engineering}},
	publisher = {ACM},
	author = {Fernandes, Marcelo and Ferino, Samuel and Kulesza, Uirá and Aranha, Eduardo},
	month = oct,
	year = {2020},
	pages = {648--657},
}

@article{sujecki__2005,
	title = {: {Vertrags}- und urheberrechtliche {Aspekte} von {Open} {Source} {Software} im deutschen {Recht}},
	issn = {1615-5335},
	url = {http://www.jurpc.de/jurpc/show?id=20050145},
	doi = {10.7328/jurpcb/20052011142},
	language = {de},
	urldate = {2021-06-08},
	journal = {JurPC},
	author = {Sujecki, Bartosz and {Makrolog}},
	year = {2005},
	pages = {13--13},
}

@article{wilmer_rechtliche_2021,
	title = {Rechtliche {Fallstricke} des {Einsatzes} von {Open} {Source} {Software} und freier {Software} – {Hinweise} für die {Praxis}},
	volume = {58},
	issn = {1436-3011, 2198-2775},
	url = {https://link.springer.com/10.1365/s40702-021-00705-3},
	doi = {10.1365/s40702-021-00705-3},
	abstract = {Zusammenfassung
            Der folgende Artikel bietet einen Überblick über die häufigsten Anwendungsprobleme beim Einsatz und der Integration von freier und Open Source Software in der Praxis. Ein Schwerpunkt liegt dabei auf den Herausforderungen für Softwarehersteller, welche freie Software in ihre Produkte integrieren und vertreiben. Hingewiesen wird auf die unterschiedlichen freien Lizenzarten, Best Practice-Lösungsmöglichkeiten und Compliancefragen sowie die Grenzen der Auslegung der Lizenzen.
          , 
            Abstract
            The following article provides an overview of the most common application problems when using and integrating free and open source software in practice. One focus is on the challenges for software producers who integrate and distribute free software in their products. Reference is made to the different types of free licences, best practice solutions and compliance issues as well as the limits of the interpretation of the licences.},
	language = {de},
	number = {2},
	urldate = {2021-06-08},
	journal = {HMD Praxis der Wirtschaftsinformatik},
	author = {Wilmer, Thomas},
	month = apr,
	year = {2021},
	pages = {271--287},
	file = {Volltext:C\:\\Users\\arnolc\\Zotero\\storage\\C3TCQI7R\\Wilmer - 2021 - Rechtliche Fallstricke des Einsatzes von Open Sour.pdf:application/pdf},
}

@article{samulat_raus_2017,
	title = {Raus aus den {Silos} – mit {DevOps} zum {Lean} {Manufacturing}: {Der} {Weg} zur {Plattform} „{Lean} {IT}“},
	volume = {54},
	issn = {1436-3011, 2198-2775},
	shorttitle = {Raus aus den {Silos} – mit {DevOps} zum {Lean} {Manufacturing}},
	url = {http://link.springer.com/10.1365/s40702-017-0295-4},
	doi = {10.1365/s40702-017-0295-4},
	language = {de},
	number = {2},
	urldate = {2021-06-09},
	journal = {HMD Praxis der Wirtschaftsinformatik},
	author = {Samulat, Peter},
	month = apr,
	year = {2017},
	pages = {205--215},
}

@book{tokarski_strategische_2018,
	address = {Wiesbaden},
	title = {Strategische {Organisation}: {Aktuelle} {Grundfragen} der {Organisationsgestaltung}},
	isbn = {978-3-658-18245-8 978-3-658-18246-5},
	shorttitle = {Strategische {Organisation}},
	url = {http://link.springer.com/10.1007/978-3-658-18246-5},
	language = {de},
	urldate = {2021-06-09},
	publisher = {Springer Fachmedien Wiesbaden},
	editor = {Tokarski, Kim Oliver and Schellinger, Jochen and Berchtold, Philipp},
	year = {2018},
	doi = {10.1007/978-3-658-18246-5},
}

@article{kasteleiner_devops_2019,
	title = {{DevOps}: {Schnell}, zuverlässig und sicher von der {Idee} zur {Realisierung}},
	volume = {42},
	issn = {0170-6012, 1432-122X},
	shorttitle = {{DevOps}},
	url = {http://link.springer.com/10.1007/s00287-019-01173-2},
	doi = {10.1007/s00287-019-01173-2},
	language = {de},
	number = {3},
	urldate = {2021-06-09},
	journal = {Informatik Spektrum},
	author = {Kasteleiner, Björn and Schwartz, Alexander},
	month = jun,
	year = {2019},
	pages = {211--214},
}

@article{konig_devopswelcome_2019,
	title = {{DevOps}—{Welcome} to the {Jungle}},
	volume = {56},
	issn = {1436-3011, 2198-2775},
	url = {http://link.springer.com/10.1365/s40702-019-00507-8},
	doi = {10.1365/s40702-019-00507-8},
	language = {de},
	number = {2},
	urldate = {2021-06-09},
	journal = {HMD Praxis der Wirtschaftsinformatik},
	author = {König, Georgia and Kugel, René},
	month = apr,
	year = {2019},
	pages = {289--300},
	file = {Volltext:C\:\\Users\\arnolc\\Zotero\\storage\\HDHRZCGB\\König und Kugel - 2019 - DevOps—Welcome to the Jungle.pdf:application/pdf},
}

@article{hemon_agile_2020,
	title = {From {Agile} to {DevOps}: {Smart} {Skills} and {Collaborations}},
	volume = {22},
	issn = {1387-3326, 1572-9419},
	shorttitle = {From {Agile} to {DevOps}},
	url = {http://link.springer.com/10.1007/s10796-019-09905-1},
	doi = {10.1007/s10796-019-09905-1},
	language = {en},
	number = {4},
	urldate = {2021-06-09},
	journal = {Information Systems Frontiers},
	author = {Hemon, Aymeric and Lyonnet, Barbara and Rowe, Frantz and Fitzgerald, Brian},
	month = aug,
	year = {2020},
	pages = {927--945},
}

@book{alt_innovationsorientiertes_2017,
	address = {Wiesbaden},
	series = {Essentials},
	title = {Innovationsorientiertes {IT}-{Management} mit {DevOps}: {IT} im {Zeitalter} von {Digitalisierung} und {Software}-defined {Business}},
	isbn = {978-3-658-18704-0 978-3-658-18703-3},
	shorttitle = {Innovationsorientiertes {IT}-{Management} mit {DevOps}},
	language = {ger},
	publisher = {Springer Gabler},
	author = {Alt, Rainer and Auth, Gunnar and Kögler, Christoph},
	year = {2017},
	note = {OCLC: 992991783},
	file = {Table of Contents PDF:C\:\\Users\\arnolc\\Zotero\\storage\\P3XYPWKK\\Alt et al. - 2017 - Innovationsorientiertes IT-Management mit DevOps .pdf:application/pdf},
}

@techreport{bitkom_ev_open_nodate,
	title = {Open {Source} {Monitor} – {Studienbericht} 2019},
	author = {Bitkom e.V.},
}

@misc{noauthor_notitle_nodate,
}

@article{helmreich_geschaftsrisiken_2012,
	title = {Geschäftsrisiken und {Governance} von {Open} {Source} in {Softwareprodukten}},
	volume = {49},
	issn = {1436-3011, 2198-2775},
	url = {http://link.springer.com/10.1007/BF03340659},
	doi = {10.1007/BF03340659},
	language = {de},
	number = {1},
	urldate = {2021-06-09},
	journal = {HMD Praxis der Wirtschaftsinformatik},
	author = {Helmreich, Martin and Riehle, Dirk},
	month = feb,
	year = {2012},
	pages = {17--25},
}

@book{buxmann_softwareindustrie_2015,
	address = {Berlin, Heidelberg},
	title = {Die {Softwareindustrie}},
	isbn = {978-3-662-45588-3 978-3-662-45589-0},
	url = {http://link.springer.com/10.1007/978-3-662-45589-0},
	language = {de},
	urldate = {2021-06-09},
	publisher = {Springer Berlin Heidelberg},
	author = {Buxmann, Peter and Diefenbach, Heiner and Hess, Thomas},
	year = {2015},
	doi = {10.1007/978-3-662-45589-0},
}

@book{abrahamsson_product-focused_2016,
	address = {Cham},
	series = {Lecture {Notes} in {Computer} {Science}},
	title = {Product-{Focused} {Software} {Process} {Improvement}: 17th {International} {Conference}, {PROFES} 2016, {Trondheim}, {Norway}, {November} 22-24, 2016, {Proceedings}},
	volume = {10027},
	isbn = {978-3-319-49093-9 978-3-319-49094-6},
	shorttitle = {Product-{Focused} {Software} {Process} {Improvement}},
	url = {http://link.springer.com/10.1007/978-3-319-49094-6},
	language = {en},
	urldate = {2021-06-12},
	publisher = {Springer International Publishing},
	editor = {Abrahamsson, Pekka and Jedlitschka, Andreas and Nguyen Duc, Anh and Felderer, Michael and Amasaki, Sousuke and Mikkonen, Tommi},
	year = {2016},
	doi = {10.1007/978-3-319-49094-6},
}

@book{lassenius_agile_2015-1,
	address = {Cham},
	series = {Lecture {Notes} in {Business} {Information} {Processing}},
	title = {Agile {Processes} in {Software} {Engineering} and {Extreme} {Programming}: 16th {International} {Conference}, {XP} 2015, {Helsinki}, {Finland}, {May} 25-29, 2015, {Proceedings}},
	volume = {212},
	isbn = {978-3-319-18611-5 978-3-319-18612-2},
	shorttitle = {Agile {Processes} in {Software} {Engineering} and {Extreme} {Programming}},
	url = {http://link.springer.com/10.1007/978-3-319-18612-2},
	language = {en},
	urldate = {2021-06-12},
	publisher = {Springer International Publishing},
	editor = {Lassenius, Casper and Dingsøyr, Torgeir and Paasivaara, Maria},
	year = {2015},
	doi = {10.1007/978-3-319-18612-2},
	file = {Volltext:C\:\\Users\\arnolc\\Zotero\\storage\\JZ2REDN7\\Lassenius et al. - 2015 - Agile Processes in Software Engineering and Extrem.pdf:application/pdf},
}

@article{froschle_devops_2017,
	title = {{DevOps}},
	volume = {54},
	issn = {1436-3011, 2198-2775},
	url = {http://link.springer.com/10.1365/s40702-017-0296-3},
	doi = {10.1365/s40702-017-0296-3},
	language = {de},
	number = {2},
	urldate = {2021-06-24},
	journal = {HMD Praxis der Wirtschaftsinformatik},
	author = {Fröschle, Hans-Peter},
	month = apr,
	year = {2017},
	pages = {171--172},
	file = {Volltext:C\:\\Users\\arnolc\\Zotero\\storage\\N334ZQNA\\Fröschle - 2017 - DevOps.pdf:application/pdf},
}

@article{sollner_devops_2017,
	title = {{DevOps} in der {Praxis} – {Handlungsfelder} für eine erfolgreiche {Zusammenarbeit} von {Entwicklung} und {Betrieb}},
	volume = {54},
	issn = {1436-3011, 2198-2775},
	url = {http://link.springer.com/10.1365/s40702-017-0303-8},
	doi = {10.1365/s40702-017-0303-8},
	language = {de},
	number = {2},
	urldate = {2021-06-24},
	journal = {HMD Praxis der Wirtschaftsinformatik},
	author = {Söllner, Dierk},
	month = apr,
	year = {2017},
	pages = {189--204},
}
